@Article{HIGG-2013-02,
    author         = "{ATLAS Collaboration}",
    title          = "{Measurements of Higgs boson production and couplings in diboson final states with the ATLAS detector at the LHC}",
    journal        = "Phys. Lett. B",
    volume         = "726",
    year           = "2013",
    pages          = "88",
    doi            = "10.1016/j.physletb.2014.05.011",
    reportNumber   = "CERN-PH-EP-2013-103",
    eprint         = "1307.1427",
    archivePrefix  = "arXiv",
    primaryClass   = "hep-ex",
    related            = "HIGG-2013-02-err",
    relatedstring      = "Erratum:",
    related        = "HIGG-2013-02-err",
    relatedstring  = "Erratum:",
}

@Article{SUSY-2018-31,
    author         = "{ATLAS Collaboration}",
    title          = "{Search for bottom-squark pair production with the ATLAS detector in final states containing Higgs bosons, \(b\)-jets and missing transverse momentum}",
    year           = "2019",
    reportNumber   = "CERN-EP-2019-142",
    eprint         = "1908.03122",
    archivePrefix  = "arXiv",
    primaryClass   = "hep-ex",
}
