@Booklet{ATLAS-CONF-2018-041,
    author         = "{ATLAS Collaboration}",
    title          = "{Search for supersymmetry in final states with missing transverse momentum and multiple \(b\)-jets in proton--proton collisions at \(\sqrt{s} = 13~\text{TeV}\) with the ATLAS detector}",
    howpublished   = "{ATLAS-CONF-2018-041}",
    url            = "https://cds.cern.ch/record/2632347",
    year           = "2018",
}
